@article{todo,
  title        = {{{TODO}}: {Why did I not do this already?}},
  author       = {Procas, tinator},
  date         = {2019-03-25},
  journaltitle = {Journal of Unfinished Things}
}

@article{todo2,
  author  = {Author Name},
  title   = {Title of the Article},
  journal = {Journal Name},
  date    = {2019-03-25},
  volume  = {12},
  number  = {3},
  pages   = {34--56}
}